<record><leader>00000cas a22000007a 4500</leader><controlfield tag="001">11105955</controlfield><controlfield tag="008">840830d18371847paudn ne      0    0eng d</controlfield><datafield ind1=" " ind2=" " tag="010"><subfield code="a">sn 84024579 </subfield></datafield><datafield ind1=" " ind2=" " tag="040"><subfield code="a">NPV</subfield><subfield code="b">eng</subfield><subfield code="c">NPV</subfield><subfield code="d">NPY</subfield><subfield code="d">NPI</subfield><subfield code="d">NPH</subfield><subfield code="d">NPA</subfield><subfield code="d">OCL</subfield><subfield code="d">NPH</subfield><subfield code="d">DLC</subfield><subfield code="d">NPX</subfield><subfield code="d">DLC</subfield><subfield code="d">MFN</subfield><subfield code="d">CNK</subfield><subfield code="d">IUL</subfield><subfield code="d">OCLCQ</subfield><subfield code="d">OCLCF</subfield><subfield code="d">OCLCO</subfield></datafield><datafield ind1=" " ind2=" " tag="019"><subfield code="a">2268040</subfield></datafield><datafield ind1=" " ind2=" " tag="042"><subfield code="a">msc</subfield></datafield><datafield ind1=" " ind2=" " tag="043"><subfield code="a">n-us-pa</subfield></datafield><datafield ind1="0" ind2="0" tag="050"><subfield code="a">Newspaper 9557</subfield></datafield><datafield ind1="0" ind2=" " tag="130"><subfield code="a">Spirit of the times (Philadelphia, Pa. : 1837)</subfield></datafield><datafield ind1="1" ind2="4" tag="245"><subfield code="a">The spirit of the times.</subfield></datafield><datafield ind1="3" ind2="0" tag="246"><subfield code="a">Philadelphia spirit of the times</subfield><subfield code="f">Sept. 8-Nov. 23, 1838</subfield></datafield><datafield ind1="3" ind2="0" tag="246"><subfield code="a">Times</subfield></datafield><datafield ind1=" " ind2=" " tag="260"><subfield code="a">Philadelphia, Pa. :</subfield><subfield code="b">Andrews &amp; Meader</subfield></datafield><datafield ind1=" " ind2=" " tag="300"><subfield code="a">v.</subfield></datafield><datafield ind1=" " ind2=" " tag="310"><subfield code="a">Daily (except Sun.)</subfield></datafield><datafield ind1="1" ind2=" " tag="362"><subfield code="a">Began in Nov. 1837.</subfield></datafield><datafield ind1="0" ind2=" " tag="362"><subfield code="a">-v. 17, no. 33 (Feb. 22, 1847).</subfield></datafield><datafield ind1=" " ind2=" " tag="500"><subfield code="a">Published as: Times, Nov. 3, 1845-Oct. 7, 1846. Cf. Gregory.</subfield></datafield><datafield ind1=" " ind2=" " tag="580"><subfield code="a">Merged with: Daily keystone and people's journal; to form: Spirit of the times and daily keystone.</subfield></datafield><datafield ind1=" " ind2=" " tag="588"><subfield code="a">Description based on: Vol. 1, no. [1] (June 9, 1838).</subfield></datafield><datafield ind1=" " ind2="0" tag="651"><subfield code="a">Philadelphia (Pa.)</subfield><subfield code="v">Newspapers.</subfield></datafield><datafield ind1=" " ind2="7" tag="655"><subfield code="a">Newspapers.</subfield><subfield code="2">fast</subfield><subfield code="0">(OCoLC)fst01423814</subfield></datafield><datafield ind1=" " ind2="7" tag="651"><subfield code="a">Pennsylvania</subfield><subfield code="z">Philadelphia.</subfield><subfield code="2">fast</subfield><subfield code="0">(OCoLC)fst01204170</subfield></datafield><datafield ind1=" " ind2=" " tag="752"><subfield code="a">United States</subfield><subfield code="b">Pennsylvania</subfield><subfield code="c">Philadelphia</subfield><subfield code="d">Philadelphia.</subfield></datafield><datafield ind1="0" ind2=" " tag="775"><subfield code="t">Weekly times (Philadelphia, Pa. : 1844)</subfield></datafield><datafield ind1="1" ind2="7" tag="785"><subfield code="t">Daily keystone and people's journal</subfield></datafield><datafield ind1="1" ind2="7" tag="785"><subfield code="t">Spirit of the times and daily keystone</subfield><subfield code="w">(DLC)sn 83025954</subfield></datafield></record>